@article{England2004,
author = {England, J. P. and Krauskopf, B. and Osinga, H. M.},
doi = {10.1137/030600131},
file = {:C$\backslash$:/Users/genev/Downloads/Plotting Manifold without inverse.pdf:pdf},
issn = {1536-0040},
journal = {SIAM Journal on Applied Dynamical Systems},
number = {2},
pages = {161--190},
title = {{Computing One-Dimensional Stable Manifolds and Stable Sets of Planar Maps without the Inverse}},
url = {http://epubs.siam.org/doi/10.1137/030600131},
volume = {3},
year = {2004}
}

@article{Krauskopf1998,
author = {Krauskopf, Bernd and Osinga, Hinke},
file = {:C$\backslash$:/Users/genev/AppData/Local/Mendeley Ltd./Mendeley Desktop/Downloaded/Krauskopf, Osinga - 1998 - Growing 1D and Quasi-2D Unstable Manifolds of Maps.pdf:pdf},
isbn = {00219991/98},
journal = {Journal of Computational Physics},
pages = {404--419},
title = {{Growing 1D and Quasi-2D Unstable Manifolds of Maps}},
url = {https://ac.els-cdn.com/S0021999198960594/1-s2.0-S0021999198960594-main.pdf?{\_}tid=c50a3de1-60e1-41b1-abd4-88c5274f0ca5{\&}acdnat=1544307209{\_}3e34300b169d2ed98157b64a8f6bd6f8},
volume = {146},
year = {1998}
}

